@inproceedings{delanaye1999quadratic,
  title     = {Quadratic reconstruction finite volume schemes on 3D arbitrary unstructured polyhedral grids},
  author    = {Delanaye, Michel and Liu, Yen},
  booktitle = {14th Computational Fluid Dynamics Conference},
  pages     = {3259},
  year      = {1999}
}

@article{dumbser2007quadrature,
  title     = {Quadrature-free non-oscillatory finite volume schemes on unstructured meshes for nonlinear hyperbolic systems},
  author    = {Dumbser, Michael and K{\"a}ser, Martin and Titarev, Vladimir A and Toro, Eleuterio F},
  journal   = {Journal of Computational Physics},
  volume    = {226},
  number    = {1},
  pages     = {204--243},
  year      = {2007},
  publisher = {Elsevier}
}

@techreport{reed1973triangular,
  title       = {Triangular mesh methods for the neutron transport equation},
  author      = {Reed, William H and Hill, Thomas R},
  year        = {1973},
  institution = {Los Alamos Scientific Lab., N. Mex.(USA)}
}

@article{bassi1997high,
  title     = {High-order accurate discontinuous finite element solution of the 2D Euler equations},
  author    = {Bassi, Francesco and Rebay, Stefano},
  journal   = {Journal of Computational Physics},
  volume    = {138},
  number    = {2},
  pages     = {251--285},
  year      = {1997},
  publisher = {Elsevier}
}
@article{bassi1997high2,
  title     = {A high-order accurate discontinuous finite element method for the numerical solution of the compressible Navier--Stokes equations},
  author    = {Bassi, Francesco and Rebay, Stefano},
  journal   = {Journal of Computational Physics},
  volume    = {131},
  number    = {2},
  pages     = {267--279},
  year      = {1997},
  publisher = {Elsevier}
}
@article{cockburn2001runge,
  title     = {Runge--Kutta discontinuous Galerkin methods for convection-dominated problems},
  author    = {Cockburn, Bernardo and Shu, Chi-Wang},
  journal   = {Journal of scientific computing},
  volume    = {16},
  pages     = {173--261},
  year      = {2001},
  publisher = {Springer}
}
@article{liu2006spectral,
  title     = {Spectral difference method for unstructured grids I: Basic formulation},
  author    = {Liu, Yen and Vinokur, Marcel and Wang, Zhi Jian},
  journal   = {Journal of Computational Physics},
  volume    = {216},
  number    = {2},
  pages     = {780--801},
  year      = {2006},
  publisher = {Elsevier}
}

@article{dumbser2008unified,
  title     = {A unified framework for the construction of one-step finite volume and discontinuous Galerkin schemes on unstructured meshes},
  author    = {Dumbser, Michael and Balsara, Dinshaw S and Toro, Eleuterio F and Munz, Claus-Dieter},
  journal   = {Journal of Computational Physics},
  volume    = {227},
  number    = {18},
  pages     = {8209--8253},
  year      = {2008},
  publisher = {Elsevier}
}

@article{wang2013high,
  title     = {High-order CFD methods: current status and perspective},
  author    = {Wang, Zhijian J and Fidkowski, Krzysztof and Abgrall, R{\'e}mi and Bassi, Francesco and Caraeni, Doru and Cary, Andrew and Deconinck, Herman and Hartmann, Ralf and Hillewaert, Koen and Huynh, Hung T and others},
  journal   = {International Journal for Numerical Methods in Fluids},
  volume    = {72},
  number    = {8},
  pages     = {811--845},
  year      = {2013},
  publisher = {Wiley Online Library}
}

@inproceedings{barth1990higher,
  title     = {Higher order solution of the Euler equations on unstructured grids using quadratic reconstruction},
  author    = {Barth, Timothy and Frederickson, Paul},
  booktitle = {28th Aerospace Sciences Meeting},
  pages     = {13},
  year      = {1990}
}


@inproceedings{huynh2007flux,
  title     = {A flux reconstruction approach to high-order schemes including discontinuous Galerkin methods},
  author    = {Huynh, Hung T},
  booktitle = {18th AIAA Computational Fluid Dynamics Conference},
  pages     = {4079},
  year      = {2007}
}

@article{wang2009unifying,
  title     = {A unifying lifting collocation penalty formulation including the discontinuous Galerkin, spectral volume/difference methods for conservation laws on mixed grids},
  author    = {Wang, Zhi Jian and Gao, Haiyang},
  journal   = {Journal of Computational Physics},
  volume    = {228},
  number    = {21},
  pages     = {8161--8186},
  year      = {2009},
  publisher = {Elsevier}
}

@article{ii2007cip,
  title     = {CIP/multi-moment finite volume method for Euler equations: a semi-Lagrangian characteristic formulation},
  author    = {Ii, Satoshi and Xiao, Feng},
  journal   = {Journal of Computational Physics},
  volume    = {222},
  number    = {2},
  pages     = {849--871},
  year      = {2007},
  publisher = {Elsevier}
}

@article{luo2010reconstructed,
  title     = {A reconstructed discontinuous Galerkin method for the compressible Navier--Stokes equations on arbitrary grids},
  author    = {Luo, Hong and Luo, Luqing and Nourgaliev, Robert and Mousseau, Vincent A and Dinh, Nam},
  journal   = {Journal of Computational Physics},
  volume    = {229},
  number    = {19},
  pages     = {6961--6978},
  year      = {2010},
  publisher = {Elsevier}
}

@article{zhang2012class,
  title     = {A class of hybrid DG/FV methods for conservation laws I: Basic formulation and one-dimensional systems},
  author    = {Zhang, Laiping and Wei, Liu and Lixin, He and Xiaogang, Deng and Hanxin, Zhang},
  journal   = {Journal of Computational Physics},
  volume    = {231},
  number    = {4},
  pages     = {1081--1103},
  year      = {2012},
  publisher = {Elsevier}
}

@article{zhang2012class2,
  title     = {A class of hybrid DG/FV methods for conservation laws II: Two-dimensional cases},
  author    = {Zhang, Laiping and Wei, Liu and Lixin, He and Xiaogang, Deng and Hanxin, Zhang},
  journal   = {Journal of Computational Physics},
  volume    = {231},
  number    = {4},
  pages     = {1104--1120},
  year      = {2012},
  publisher = {Elsevier}
}

@article{ollivier1997quasi,
  title     = {Quasi-ENO schemes for unstructured meshes based on unlimited data-dependent least-squares reconstruction},
  author    = {Ollivier-Gooch, Carl F},
  journal   = {Journal of Computational Physics},
  volume    = {133},
  number    = {1},
  pages     = {6--17},
  year      = {1997},
  publisher = {Elsevier}
}

@article{friedrich1998weighted,
  title     = {Weighted essentially non-oscillatory schemes for the interpolation of mean values on unstructured grids},
  author    = {Friedrich, Oliver},
  journal   = {Journal of Computational Physics},
  volume    = {144},
  number    = {1},
  pages     = {194--212},
  year      = {1998},
  publisher = {Elsevier}
}

@article{hu1999weighted,
  title     = {Weighted essentially non-oscillatory schemes on triangular meshes},
  author    = {Hu, Changqing and Shu, Chi-Wang},
  journal   = {Journal of Computational Physics},
  volume    = {150},
  number    = {1},
  pages     = {97--127},
  year      = {1999},
  publisher = {Elsevier}
}

@article{wang2016compact,
  title     = {Compact high order finite volume method on unstructured grids I: basic formulations and one-dimensional schemes},
  author    = {Wang, Qian and Ren, Yu-Xin and Li, Wanai},
  journal   = {Journal of Computational Physics},
  volume    = {314},
  pages     = {863--882},
  year      = {2016},
  publisher = {Elsevier}
}

@article{wang2016compact2,
  title     = {Compact high order finite volume method on unstructured grids II: Extension to two-dimensional Euler equations},
  author    = {Wang, Qian and Ren, Yu-Xin and Li, Wanai},
  journal   = {Journal of Computational Physics},
  volume    = {314},
  pages     = {883--908},
  year      = {2016},
  publisher = {Elsevier}
}

@article{wang2017compact3,
  title     = {Compact high order finite volume method on unstructured grids III: Variational reconstruction},
  author    = {Wang, Qian and Ren, Yu-Xin and Pan, Jianhua and Li, Wanai},
  journal   = {Journal of Computational physics},
  volume    = {337},
  pages     = {1--26},
  year      = {2017},
  publisher = {Elsevier}
}

@article{jianhua2018high,
  title     = {High-order compact finite volume methods on unstructured grids with adaptive mesh refinement for solving inviscid and viscous flows},
  author    = {Pan, Jianhua and Wang, Qian and Zhang, Yusi and Ren, Yuxin},
  journal   = {Chinese Journal of Aeronautics},
  volume    = {31},
  number    = {9},
  pages     = {1829--1841},
  year      = {2018},
  publisher = {Elsevier}
}

@article{zhang2019compact,
  title     = {Compact high order finite volume method on unstructured grids IV: Explicit multi-step reconstruction schemes on compact stencil},
  author    = {Zhang, Yu-Si and Ren, Yu-Xin and Wang, Qian},
  journal   = {Journal of Computational Physics},
  volume    = {396},
  pages     = {161--192},
  year      = {2019},
  publisher = {Elsevier}
}

@article{tsoutsanis2014weno,
  title     = {WENO schemes on arbitrary unstructured meshes for laminar, transitional and turbulent flows},
  author    = {Tsoutsanis, Panagiotis and Antoniadis, Antonios Foivos and Drikakis, Dimitris},
  journal   = {Journal of Computational Physics},
  volume    = {256},
  pages     = {254--276},
  year      = {2014},
  publisher = {Elsevier}
}

@article{jalali2017higher,
  title     = {Higher-order unstructured finite volume RANS solution of turbulent compressible flows},
  author    = {Jalali, Alireza and Ollivier-Gooch, Carl},
  journal   = {Computers \& Fluids},
  volume    = {143},
  pages     = {32--47},
  year      = {2017},
  publisher = {Elsevier}
}

@article{huang2022high,
  title     = {High-order compact finite volume schemes for solving the Reynolds averaged Navier-Stokes equations on the unstructured mixed grids with a large aspect ratio},
  author    = {Huang, Qian-Min and Ren, Yu-Xin and Wang, Qian and Pan, Jian-Hua},
  journal   = {Journal of Computational Physics},
  volume    = {467},
  pages     = {111458},
  year      = {2022},
  publisher = {Elsevier}
}

@book{wilcox1998turbulence,
  title     = {Turbulence modeling for CFD},
  author    = {Wilcox, David C and others},
  volume    = {2},
  year      = {1998},
  publisher = {DCW industries La Canada, CA}
}

@inproceedings{allmaras2012modifications,
  title        = {Modifications and clarifications for the implementation of the Spalart-Allmaras turbulence model},
  author       = {Allmaras, Steven R and Johnson, Forrester T},
  booktitle    = {Seventh international conference on computational fluid dynamics (ICCFD7)},
  volume       = {1902},
  year         = {2012},
  organization = {Big Island, HI}
}

@article{luo1998fast,
  title     = {A fast, matrix-free implicit method for compressible flows on unstructured grids},
  author    = {Luo, Hong and Baum, Joseph D and L{\"o}hner, Rainald},
  journal   = {Journal of Computational Physics},
  volume    = {146},
  number    = {2},
  pages     = {664--690},
  year      = {1998},
  publisher = {Elsevier}
}

@article{gregory1970low,
  title  = {Low-speed aerodynamic characteristics of NACA 0012 aerofoil section, including the effects of upper-surface roughness simulating hoar frost},
  author = {Gregory, Nigel and O'reilly, CL},
  year   = {1970}
}

@article{fleischmann2020low,
  title     = {A low dissipation method to cure the grid-aligned shock instability},
  author    = {Fleischmann, Nico and Adami, Stefan and Hu, Xiangyu Y and Adams, Nikolaus A},
  journal   = {Journal of Computational Physics},
  volume    = {401},
  pages     = {109004},
  year      = {2020},
  publisher = {Elsevier}
}

@misc{petsc-web-page,
  author       = {Satish Balay and Shrirang Abhyankar and Mark~F. Adams and Steven Benson and Jed Brown
                  and Peter Brune and Kris Buschelman and Emil~M. Constantinescu and Lisandro Dalcin and Alp Dener
                  and Victor Eijkhout and Jacob Faibussowitsch and William~D. Gropp and V\'{a}clav Hapla and Tobin Isaac and Pierre Jolivet
                  and Dmitry Karpeev and Dinesh Kaushik and Matthew~G. Knepley and Fande Kong and Scott Kruger
                  and Dave~A. May and Lois Curfman McInnes and Richard Tran Mills and Lawrence Mitchell and Todd Munson
                  and Jose~E. Roman and Karl Rupp and Patrick Sanan and Jason Sarich and Barry~F. Smith
                  and Stefano Zampini and Hong Zhang and Hong Zhang and Junchao Zhang},
  title        = {{PETS}c {W}eb page},
  url          = {https://petsc.org/},
  howpublished = {\url{https://petsc.org/}},
  year         = {2023}
}

@article{li2011multi,
  title     = {The multi-dimensional limiters for solving hyperbolic conservation laws on unstructured grids},
  author    = {Li, Wanai and Ren, Yu-Xin and Lei, Guodong and Luo, Hong},
  journal   = {Journal of Computational Physics},
  volume    = {230},
  number    = {21},
  pages     = {7775--7795},
  year      = {2011},
  publisher = {Elsevier}
}

@article{li2012multi,
  title     = {The multi-dimensional limiters for solving hyperbolic conservation laws on unstructured grids II: extension to high order finite volume schemes},
  author    = {Li, Wanai and Ren, Yu-Xin},
  journal   = {Journal of Computational Physics},
  volume    = {231},
  number    = {11},
  pages     = {4053--4077},
  year      = {2012},
  publisher = {Elsevier}
}

@book{toro2013Riemann,
  title     = {Riemann Solvers and Numerical Methods for Fluid Dynamics},
  author    = { Toro, E. F. },
  publisher = {Springer Berlin Heidelberg},
  pages     = {87-114},
  year      = {2013}
}

@article{ferracina2008strong,
  title     = {Strong stability of singly-diagonally-implicit Runge--Kutta methods},
  author    = {Ferracina, Luca and Spijker, MN},
  journal   = {Applied Numerical Mathematics},
  volume    = {58},
  number    = {11},
  pages     = {1675--1686},
  year      = {2008},
  publisher = {Elsevier}
}